<?xml version="1.0" encoding="UTF-8"?><collection xmlns="http://www.loc.gov/MARC21/slim"><record><leader>00393nam--2200133-i-4500</leader><controlfield tag="001">000007786</controlfield><controlfield tag="002">20161230</controlfield><controlfield tag="005">20161230201027</controlfield><controlfield tag="008">060222s1000------------r-----000-0-eng-d</controlfield><datafield ind1=" " ind2=" " tag="100"><subfield code="a">Alvarez, E. Charles And Ketchum, Donald J</subfield></datafield><datafield ind1=" " ind2=" " tag="245"><subfield code="a">Pulse and switching circuits</subfield></datafield><datafield ind1=" " ind2=" " tag="260"><subfield code="a">New York, Mcgraw-hill Book Co., 1965 Vi + 310 P</subfield></datafield><datafield ind1=" " ind2=" " tag="490"><subfield code="a">Mcgraw-hill Technical Education Series</subfield></datafield><datafield ind1=" " ind2=" " tag="852"><subfield code="a">24610</subfield></datafield></record></collection>